<?xml version="1.0" encoding="UTF-8"?><record xmlns="http://www.loc.gov/MARC21/slim" xmlns:cinclude="http://apache.org/cocoon/include/1.0" xmlns:zs="http://www.loc.gov/zing/srw/">
  <leader>00558cz  a2200145n  4500</leader>
  <controlfield tag="001">n  85256356 </controlfield>
  <controlfield tag="003">DLC</controlfield>
  <controlfield tag="005">20080402074949.0</controlfield>
  <controlfield tag="008">870106n| acannaabn          |a aaa      </controlfield>
  <datafield tag="010" ind1=" " ind2=" ">
    <subfield code="a">n  85256356 </subfield>
  </datafield>
  <datafield tag="035" ind1=" " ind2=" ">
    <subfield code="a">(OCoLC)oca01754330</subfield>
  </datafield>
  <datafield tag="040" ind1=" " ind2=" ">
    <subfield code="a">DLC</subfield>
    <subfield code="b">eng</subfield>
    <subfield code="c">DLC</subfield>
    <subfield code="d">OCoLC</subfield>
  </datafield>
  <datafield tag="100" ind1="1" ind2=" ">
    <subfield code="a">Müller-Breckwoldt, Helmut</subfield>
  </datafield>
  <datafield tag="400" ind1="1" ind2=" ">
    <subfield code="a">Breckwoldt, Helmut Müller-</subfield>
  </datafield>
  <datafield tag="670" ind1=" " ind2=" ">
    <subfield code="a">Behinderte Kinder im Heim, c1983:</subfield>
    <subfield code="b">t.p. (Helmut Müller-Breckwoldt) t.p. verso (Diplom-Psychologe; Psychologe im Kinderwohnheim des Rehabilitationszentrums für Kinder und Jugendliche, Neckargemünd)</subfield>
  </datafield>
</record>